%%
%% Author: DKron
%% 13.08.2018
%%

