%%
%% Author: Davidov
%% 23.04.2018
%%

@book{immerman1999descriptive,
added-at = {2013-12-06T00:00:00.000+0100},
author = {Immerman, Neil},
biburl = {https://www.bibsonomy.org/bibtex/2afe14e13f4e34b8b1c38de2b00bed0ab/dblp},
ee = {http://dx.doi.org/10.1007/978-1-4612-0539-5},
interhash = {5cbf27fa8e73edb6b79332eb8cbd5cfc},
intrahash = {afe14e13f4e34b8b1c38de2b00bed0ab},
isbn = {978-0-387-98600-5},
keywords = {dblp},
pages = {I-XVI, 1-268},
publisher = {Springer},
series = {Graduate texts in computer science},
timestamp = {2013-12-07T11:32:50.000+0100},
title = {Descriptive complexity.},
year = 1999
}

@book{papadimitriou1994complexity,
added-at = {2012-03-20T05:17:52.000+0100},
author = {Papadimitriou, Christos H.},
biburl = {https://www.bibsonomy.org/bibtex/29ec33cbfc3c548ef2289e634b570837f/alessandropinto},
interhash = {a44fa77e3ab4efefa4a6a851afa4952f},
intrahash = {9ec33cbfc3c548ef2289e634b570837f},
isbn = {978-0-201-53082-7},
keywords = {complexity computational},
pages = {I-XV, 1-523},
publisher = {Addison-Wesley},
timestamp = {2012-03-20T05:17:53.000+0100},
title = {Computational complexity.},
year = 1994
}

@article{fagin1974generalized,
    added-at = {2014-11-04T10:38:45.000+0100},
    author = {Fagin, R.},
    biburl = {https://www.bibsonomy.org/bibtex/262f1486ccc3ae1e993d41dc70dfaa7e4/s_nkeha},
    description = {Generalized first-order spectra, and polynomial. time recognizable sets - ResearchGate},
    interhash = {700cca698e35fe266941e3d756965923},
    intrahash = {62f1486ccc3ae1e993d41dc70dfaa7e4},
    journal = {SIAM-AMS Proceedings},
    keywords = {NP complexity descriptive fagin spectra},
    pages = {43-73},
    timestamp = {2014-11-04T10:38:45.000+0100},
    title = {Generalized first-order spectra, and polynomial. time recognizable sets},
    url = {http://www.researchgate.net/publication/242608657_Generalized_first-order_spectra_and_polynomial._time_recognizable_sets},
    volume = 7,
    year = 1974
}

@article{freireMartins2011descriptive,
added-at = {2011-04-22T00:00:00.000+0200},
author = {Freire, Cibele Matos and Martins, Ana Teresa C.},
biburl = {https://www.bibsonomy.org/bibtex/29bfdab86a5009cded46b38dd52a9df12/dblp},
ee = {http://dx.doi.org/10.1016/j.entcs.2011.03.006},
interhash = {5d06be93de097cec85d7a79ba94c08d6},
intrahash = {9bfdab86a5009cded46b38dd52a9df12},
journal = {Electr. Notes Theor. Comput. Sci.},
keywords = {dblp},
pages = {71-82},
timestamp = {2011-04-29T14:57:32.000+0200},
title = {The Descriptive Complexity of the Deterministic Exponential Time Hierarchy.},
url = {http://dblp.uni-trier.de/db/journals/entcs/entcs269.html#FreireM11},
volume = 269,
year = 2011
}


@article{otto1999bisimulation,
added-at = {2015-10-26T00:00:00.000+0100},
author = {Otto, Martin},
biburl = {https://www.bibsonomy.org/bibtex/256cf013390ca2f1fc64ea6152b140c4e/dblp},
ee = {http://dx.doi.org/10.1016/S0304-3975(98)00314-4},
interhash = {444a793bcca27d871c1d37f6dfea32e7},
intrahash = {56cf013390ca2f1fc64ea6152b140c4e},
journal = {Theor. Comput. Sci.},
keywords = {dblp},
number = {1-2},
pages = {237-265},
timestamp = {2015-10-27T11:36:14.000+0100},
title = {Bisimulation-invariant PTIME and higher-dimensional µ-calculus.},
url = {http://dblp.uni-trier.de/db/journals/tcs/tcs224.html#Otto99},
volume = 224,
year = 1999
}

@inproceedings{lange2014capturing,
added-at = {2018-01-09T00:00:00.000+0100},
author = {Lange, Martin and Lozes, Étienne},
biburl = {https://www.bibsonomy.org/bibtex/2725d228f74293cc775bdf16c6546b9a3/dblp},
booktitle = {IFIP TCS},
crossref = {conf/ifipTCS/2014},
editor = {Díaz, Josep and Lanese, Ivan and Sangiorgi, Davide},
ee = {https://doi.org/10.1007/978-3-662-44602-7_8},
interhash = {622220241b04fe45f9b6a2ed894dbfda},
intrahash = {725d228f74293cc775bdf16c6546b9a3},
isbn = {978-3-662-44601-0},
keywords = {dblp},
pages = {90-103},
publisher = {Springer},
series = {Lecture Notes in Computer Science},
timestamp = {2018-01-10T11:37:45.000+0100},
title = {Capturing Bisimulation-Invariant Complexity Classes with Higher-Order Modal Fixpoint Logic.},
url = {http://dblp.uni-trier.de/db/conf/ifipTCS/ifipTCS2014.html#LangeL14},
volume = 8705,
year = 2014
}

@book{hopcroft1994einfuehrung,
    added-at = {2016-11-26T13:14:11.000+0100},
    author = {Hopcroft, J. E. and Ullman, J.},
    biburl = {https://www.bibsonomy.org/bibtex/2de45d7cf78866b146539e1907d189c17/machinelearning},
    edition = {3.},
    interhash = {4055f18d5e54084aedd125aadb3be1ed},
    intrahash = {de45d7cf78866b146539e1907d189c17},
    keywords = {ml},
    note = {deutsche Ausgabe},
    publisher = {Addison-Wesley},
    timestamp = {2016-11-26T13:17:02.000+0100},
    title = {Einf{\"u}hrung in die Automatentheorie, Formale Sprachen und Komplexit{\"a}tstheorie},
    year = 1994
}

@inbook{vanBenthem2001higher,
    abstract = {What is nowadays the central part of any introduction to logic, and indeed to some the logical theory par excellence, used to be a modest fragment of the more ambitious language employed in the logicist program of Frege and Russell. `Elementary' or `first-order', or `predicate logic' only became a recognized stable base for logical theory by 1930, when its interesting and fruitful meta-properties had become clear, such as completeness, compactness and L{\"o}wenheim-Skolem. Richer higher-order and type theories receded into the background, to such an extent that the (re-) discovery of useful and interesting extensions and variations upon first-order logic came as a surprise to many logicians in the sixties.},
    added-at = {2018-05-19T10:29:14.000+0200},
    address = {Dordrecht},
    author = {Van Benthem, Johan and Doets, Kees},
    biburl = {https://www.bibsonomy.org/bibtex/29c53b72430bbbb37a3d607fa3e861c69/uk044140},
    booktitle = {Handbook of Philosophical Logic},
    description = {Higher-Order Logic | SpringerLink},
    doi = {10.1007/978-94-015-9833-0_3},
    editor = {Gabbay, D. M. and Guenthner, F.},
    interhash = {db0fb17a46af92f091cd1c4b4ac4c29f},
    intrahash = {9c53b72430bbbb37a3d607fa3e861c69},
    isbn = {978-94-015-9833-0},
    keywords = {higher logic order},
    pages = {189--243},
    publisher = {Springer Netherlands},
    timestamp = {2018-05-19T10:29:14.000+0200},
    title = {Higher-Order Logic},
    url = {https://doi.org/10.1007/978-94-015-9833-0_3},
    year = 2001
}
